<record><leader>00000cas a2200000Ma 4500</leader><controlfield tag="001">11059217</controlfield><controlfield tag="008">840816d1876187uinuwr ne      0    0eng d</controlfield><datafield ind1=" " ind2=" " tag="010"><subfield code="a">sn 84023900 </subfield></datafield><datafield ind1=" " ind2=" " tag="040"><subfield code="a">AQM</subfield><subfield code="b">eng</subfield><subfield code="c">AQM</subfield><subfield code="d">OCLCQ</subfield></datafield><datafield ind1="0" ind2=" " tag="130"><subfield code="a">Crawfordsville journal (Crawfordsville, Ind. : Weekly : 1876)</subfield></datafield><datafield ind1="1" ind2="4" tag="245"><subfield code="a">The Crawfordsville journal.</subfield></datafield><datafield ind1=" " ind2=" " tag="260"><subfield code="a">Crawfordsville, Ind. :</subfield><subfield code="b">T.H.B. McCain</subfield></datafield><datafield ind1=" " ind2=" " tag="310"><subfield code="a">Weekly</subfield></datafield><datafield ind1="1" ind2=" " tag="362"><subfield code="a">Began in 1876?</subfield></datafield><datafield ind1=" " ind2=" " tag="588"><subfield code="a">Description based on: July 22, 1876.</subfield></datafield><datafield ind1=" " ind2="7" tag="655"><subfield code="a">Newspapers.</subfield><subfield code="2">rbgenr</subfield></datafield><datafield ind1=" " ind2=" " tag="752"><subfield code="a">United States</subfield><subfield code="b">Indiana</subfield><subfield code="c">Montgomery</subfield><subfield code="d">Crawfordsville.</subfield></datafield><datafield ind1="0" ind2="0" tag="780"><subfield code="t">Saturday evening journal (Crawfordsville, Ind. : 1875)</subfield><subfield code="w">(DLC)sn 87055338</subfield></datafield><datafield ind1="0" ind2="0" tag="785"><subfield code="t">Saturday evening journal (Crawfordsville, Ind. : 1878)</subfield><subfield code="w">(DLC)sn 87055339</subfield></datafield></record>